% ARQUIVO: refs.bib
%
% VERSÃO: 1.0
% DATA: Maio de 2016
% AUTOR: Coordenação de Trabalhos Especiais SE/8
% 
%  Arquivo bibtex com as referências usadas no documento de PFC.
%
%   é preciso ter atenção a caracteres especiais em LaTeX (p.ex. '_' deve ser '\_',
%   '\' deve ser '\backslash', etc.).
%
%   erros indicados no capítulo de Referências Bibliográficas DEVEM SER CONSERTADOS SOMENTE AQUI.
%   EVITE alterar os demais arquivos de estilo.
%
%   itens marcados como OPCIONAL, podem ser REMOVIDOS da entrada bibtex (NÃO DEIXE EM BRANCO).
%
%%
%REFERENCIAS DO NOSSO TRABALHO
@siteurl{Folha2015,
    author = {Folha de São Paulo},
    title = {Instituto Militar de Engenharia (IME) - Perfil de Universidades e Faculdades - Ranking Universitário Folha - 2015},
    url = {http://ruf.folha.uol.com.br/2015/perfil/instituto-militar-de-engenharia-ime-633.shtml},
    note = {31 nov. de 2015},
    year = {2015}
}

@article{lima,
  title={PPP COM SOLU{\c{C}}{\~A}O INTEIRA DAS AMBIGUIDADES DA FASE DA ONDA PORTADORA: FUNDAMENTOS ENVOLVIDOS E AN{\'A}LISE DE ACUR{\'A}CIA},
  author={Lima, Chaenne Milene Dourado Alves and Monico, Jo{\~a}o Francisco Galera and Marques, Haroldo Antonio},
  pages={50, 100},
  journal={Revista Brasileira de Cartografia},
  volume={68},
  number={5},
  year={2016}
}


@article{daniele,
  title={Posicionamento Baseado em Redes de Estações de Referência GPS Utilizando o Conceito de Estação Virtual},
  author={Daniele Barroca Marra Alves},
  journal={Universidade Estadual Paulista},
  pages={20,100},
  volume={6},
  number={1},
  year={2008}
}

@book{ibge_imoveis,
    title = {Manual Técnico de Posicionamento - georreferenciamento de imóveis rurais},
    author={INCRA},
    year = {2013},
    publisher = {INCRA},
    edition={3}
}

@book{ibge_manual_ppp,
    title = {Manual do Usuário Aplicativo Online IBGE-PPP},
    author={IBGE},
    year = {2017},
    publisher = {IBGE},
    edition={1}
}


@siteurl{ibge-ppp,
    author={IBGE-PPP},
    title={Serviço online para pós-processamento de dados GNSS - IBGE-PPP},
    url={https://www.ibge.gov.br/geociencias/informacoes-sobre-posicionamento-geodesico/servicos-para-posicionamento-geodesico/16334-servico-online-para-pos-processamento-de-dados-gnss-ibge-ppp.html?=&t=processar-os-dados},
    note={25 de setembro de 2019},
    year={2019}
}

@siteurl{ngsatx,
    author={Ngs},
    title={Antex File IGS},
    url={https://www.ngs.noaa.gov/ANTCAL/LoadFile? \newline file=ngs14.atx},
    note={31 de julho de 2019},
    year={2019}
}

@siteurl{sirgascon,
    author={Sirgas},
    title={Posições semanais das estações SIRGAS-CON},
    url={http://www.sirgas.org/pt/sirgas-con-network/coordinates/weekly-positions/},
    note={02 de agosto de 2019},
    year = {2019}
}

@siteurl{Navipedia2019,
    author = {ESA},
    title = {RTK Standards},
    url = {https://gssc.esa.int/navipedia/index.php/ \newline RTK\_Standards},
    note = {23 de maio de 2019},
    year = {2019}
}

@siteurl{snip,
    author = {Snip},
    title = {What is an NTRIP Caster},
    url = {https://www.use-snip.com/kb/knowledge-base/question-what-is-an-ntrip-caster/},
    note = {23 de maio de 2019},
    year = {2016}
}

@article{feng2008gps,
  title={GPS RTK performance characteristics and analysis},
  author={Feng, Yanming and Wang, Jinling},
  journal={Journal of Global Positioning Systems},
  volume={7},
  number={1},
  pages={1--8},
  year={2008}
}

@article{marques2014ppp,
  title={PPP em Tempo Real: fundamentos, implementa{\c{c}}{\~a}o computacional e an{\'a}lises de resultados no modo est{\'a}tico e cinem{\'a}tico},
  author={Marques, Haroldo Antonio and Monico, Jo{\~a}o Francisco Galera and Shimabukuro, Milton Hirokazu and Oyama, Rog{\'e}rio Takeshi and Wentz, Jens Peter},
  journal={Revista Brasileira de Cartografia},
  volume={6},
  url={http://www.seer.ufu.br/index.php/revistabrasileiracartografia/article/view/44717/ \newline 23731},
  number={66/6},
  pages={1331-1345},
  note={01 de Maio de 2019},
  year={2014}
}

@article{teunissen2015review,
  title={Review and principles of PPP-RTK methods},
  author={Teunissen, PJG and Khodabandeh, Amir},
  journal={Journal of Geodesy},
  volume={89},
  number={3},
  pages={217--240},
  year={2015},
  publisher={Springer}
}

@article{teunissen2010ppp,
  title={PPP-RTK: results of CORS network-based PPP with integer ambiguity resolution},
  author={Teunissen, Peter JG and Odijk, Dennis and Zhang, Baocheng},
  journal={J Aeronaut Astronaut Aviat Ser A},
  volume={42},
  number={4},
  pages={223--230},
  year={2010}
}

@article{liu2018real,
  title={Real-Time Precise Point Positioning (RTPPP) with raw observations and its application in real-time regional ionospheric VTEC modeling},
  author={Liu, Teng and Zhang, Baocheng and Yuan, Yunbin and Li, Min},
  journal={Journal of Geodesy},
  volume={92},
  number={11},
  pages={1267--1283},
  year={2018},
  publisher={Springer}
}

@book{monico2008,
  title={Posicionamento pelo GNSS},
  author={Monico, Jo{\~a}o Francisco Galera},
  journal={Descri{\c{c}}{\~a}o, fundamentos e aplica{\c{c}}{\~o}es},
  year={2008}
}

@book{bnc,
	title = {BKG Ntrip Client (BNC) Version 2.9 Manual},
	author={Federal Agency for Cartography and Geodesy - Germany},
	editor={},
	publisher={Federal Agency for Cartography and Geodesy - Germany},
	pages = {96},
	year = {2013}
}



@inproceedings{wubbena2005ppp,
  title={PPP-RTK: precise point positioning using state-space representation in RTK networks},
  author={W{\"u}bbena, Gerhard and Schmitz, Martin and Bagge, Andreas},
  booktitle={Proceedings of ION GNSS},
  edition={1},
  volume={5},
  pages={13--16},
  year={2005}
}

@book{heroux1995gps,
  title={GPS precise point positioning with a difference},
  author={H{\'e}roux, Pierre and Kouba, Jan},
  year={1995},
  publisher={Natural Resources Canada, Geomatics Canada, Geodetic Survey Division}
}

@article{kouba2001precise,
  title={Precise point positioning using IGS orbit and clock products},
  author={Kouba, Jan and H{\'e}roux, Pierre},
  journal={GPS solutions},
  volume={5},
  number={2},
  pages={12--28},
  year={2001},
  publisher={Springer}
}

@phdthesis{cunha2016_PPP,
  title={Processamento de Dados GNSS em Modo Cinem{\'a}tico},
  author={Cunha, Jos{\'e} Pedro Murta},
  pages={146},
  address={Rio de Janeiro},
  school={Escola Naval},
  series={1},
  year={2016}
}

@phdthesis{marques2012ppp,
  title={PPP em tempo real com estimativa das corre{\c{c}}{\~o}es dos rel{\'o}gios dos sat{\'e}lites no contexto de rede GNSS},
  author={Marques, Haroldo Antonio},
  pages={228},
  address={Presidente Prudente - SP},
  school={Unesp},
  year={2012},
  publisher={Universidade Estadual Paulista (UNESP)},
  series={1}
}

@siteurl{gr5,
    author = {Embratop},
    title = {Topcon GR-5},
    url = {https://www.embratop.com.br/produto/topcon-gr-5/},
    note = {07 de maio de 2019},
    year = {2019}
}

@siteurl{CordeiroS2016,
    author = {Cordeiro, Clara and Cristina, Sónia and Goela, Priscila and Danchenko, Sergei and Icely, John and Lavender, Samantha and Alice, Newton},
    title = {Time series analysis of remote sensing data},
    url = {https://goo.gl/FM3qeC},
    note = {30 de abril de 2018},
    year = {2016}
}


@article{LENZ2004,
    author = {Elmar Lenz},
    title = {Networked Transport of RTCM via Internet Protocol (NTRIP) - Aplication and Benefit in Modern Surveing Systems.},
    journal = {FIG Working Week},
    volume = {10},
    number = {1},
    pages = {190-200},
    url = {\urlhttp{http://www.fig.net/pub/athens/papers/ts03/ts03\_2\_lenz.pdf}},
    note = {19 mai. de 2019},
    year = {2004}
}


% MODELOS DE REFERÊNCIA ABAIXO!
% -----
% ARTIGO EM PERIÓDICO
%
%  itens: autor; título; periódico; volume; número (OPCIONAL); páginas; ano
% -----
@article{Salles2014,
    author = {Claudio Sá de Abreu and Ronaldo Moreira Salles},
    title = {Modeling message diffusion in epidemical DTN},
    journal = {Ad Hoc Networks},
    volume = {16},
    number = {2},
    pages = {197-209},
    year = {2014}
}

% -----
% ARTIGO EM PERIÓDICO DE ACESSO ELETRÔNICO
%
%  itens: autor; título; periódico; volume; número (OPCIONAL); páginas (OPCIONAL); url; data de acesso; ano
% -----
@article{Justel2014,
    author = {Nair Abreu and Claudia Marcela Justel and Oscar Rojo and Vilmar Trevisan},
    title = {Ordering trees and graphs with few cycles by algebraic connectivity},
    journal = {Linear Algebra and its Applications},
    volume = {458},
    url = {http://www.journals.elsevier.com/linear-algebra-and-its-applications/},
    note = {31 nov. de 2015},
    year = {2014}
}



% -----
% LIVRO NO TODO
%
%  itens: autor; título; edição (OPCIONAL); local da editora (na falta, será apresentado [S.l.]);
%         editora (na falta, será apresentado [s.n.]); ano
% -----
@book{Goldschmidt2005,
	author = {Ronaldo Ribeiro Goldschmidt and Emmanuel Passos},
	title = {Data Mining: Um guia prático},
	edition = {2},
	address = {Rio de Janeiro},
	publisher = {Campus},
	pages = {476},
	year = {2005}
}

% -----
% CAPÍTULO DE LIVRO
%
%  itens: autor do capítulo; título do capítulo; autor do livro (na falta, se entende que o autor do
%         livro é o mesmo do autor do capítulo); título do livro; edição do livro (OPCIONAL);
%         local da editora do livro (na falta, será apresentado [S.l.]);
%         editora do livro (na falta, será apresentado [s.n.]); páginas; ano
% -----
@inbook{Rakocevic2014,
  author = {Veselin Rakocevic},
  title = {Clustering for networks of moving objects},
  editor = {Ivan Ganchev and Marília Curado and Andreas Kassler},
  booktitle = {Wireless networking for moving objects},
  address = {Berlim},
  publisher = {Springer International Publishing},
  pages = {70--87},
  year = {2014}
}

% -----
% ARTIGO EM ANAIS/PROCEEDINGS
%
%  itens: autor do artigo; título do artigo; nome do evento; edição do evento;
%         nome do evento co-locado (p.ex. do Workshop ou Trilha, etc. OPCIONAL);
%         edição do evento co-locado (OPCIONAL); local do evento;
%         tipo do evento ('br' se nacional, 'intl' se internacional);
%         local da editora (na falta, será apresentado [S.l.]);
%         editora (na falta, será apresentado [s.n.]); páginas; ano
% -----
@inproceedings{Lara2014,
    author = {Patrick Lara and Ricardo Choren},
    title = {A protocol for command and control systems integration},
    booktitle = {International Conference on Enterprise Information Systems},
    edition = {16},
    series = {Workshop on Enterprise Architecture},
    number = {4},
    key = {Lisboa},
    type = {intl},
    address = {Setúbal},
    publisher = {SciTePress},
    pages = {484-489},
    year = {2014}
}

% -----
% ARTIGO EM ANAIS/PROCEEDINGS DE ACESSO ELETRÔNICO
%
%  itens: autor do artigo; título do artigo; nome do evento; edição do evento;
%         nome do evento co-locado (p.ex. do Workshop ou Trilha, etc. OPCIONAL);
%         edição do evento co-locado (OPCIONAL); local do evento;
%         tipo do evento ('br' se nacional, 'intl' se internacional);
%         local da editora (na falta, será apresentado [S.l.]);
%         editora (na falta, será apresentado [s.n.]); url; data de acesso;
%         páginas (OPCIONAL); ano
% -----
@inproceedings{Soares2013,
    author = {Monique Soares and Carla Silva and Gabriela Guedes and Jaelson Castro and Cleice Souza and Tarcisio Pereira},
    title = {Using tranformation rules to align requirements and archictectural models},
    booktitle = {Simpósio Brasileiro de Engenharia de Software},
    edition = {27},
    key = {Brasília},
    type = {br},
    address = {Porto Alegre},
    publisher = {Sociedade Brasileira de Computação},
    url = {http://cbsoft2013.unb.br/wp-content/uploads/2013/10/SBES-completo.pdf},
    note = {31 nov. de 2015},
    pages = {26--35},
    year = {2013}
}

% -----
% ANAIS/PROCEEDINGS NO TODO
%
%  itens: nome do evento; sigla do evento; edição do evento;
%         tipo do evento ('br' se nacional, 'intl' se internacional);
%         local do evento (na falta, será apresentado [S.l.]);
%         editora dos anais/proceedings (na falta, será apresentado [s.n.]);
%         url (se acesso ao documento for eletrônico, OPCIONAL); data de acesso (OPCIONAL); ano
% -----
@event{icse2015,
    key = {International Conference on Software Engineering},
    series = {ICSE},
    edition = {37},
    type = {intl},
    address = {Florença},
    publisher = {IEEE},
    url = {http://ieeexplore.ieee.org/xpl/mostRecentIssue.jsp?punumber=7174815},
    note = {31 nov. de 2015},
    year = {2015}
}

% -----
% TESE DE DOUTORADO
%
%  itens: autor; título; número de páginas (OPCIONAL); nome do curso de doutorado;
%         universidade do curso de doutorado; local da universidade do curso de doutorado;
%         url (se acesso ao documento for eletrônico, OPCIONAL); data de acesso (OPCIONAL); ano
% -----
@phdthesis{Yoko2003,
    author = {Maria Claudia Reis Cavalcanti},
    title = {Gerência de recursos científicos: Apoiando a realização de experimentos in silico},
    pages = {100},
    series = {Doutorado em Engenharia de Sistemas e Computação},
    school = {Universidade Federal do Rio de Janeiro},
    address = {Rio de Janeiro},
    year = {2003}
}

% -----
% DISSERTAÇÃO DE MESTRADO
%
%  itens: autor; título; número de páginas (OPCIONAL); nome do curso de mestrado;
%         universidade do curso de mestrado; local da universidade do curso de mestrado;
%         url (se acesso ao documento for eletrônico, OPCIONAL); data de acesso (OPCIONAL); ano
% -----
@mscthesis{Dias2013,
    author = {Gabriela Moutinho de Souza Dias},
    title = {Modelo epidemiológico SIR aplicado a redes Tolerantes a Atrasos e Desconexões},
    pages = {134},
    series = {Mestrado em Sistemas e Computação},
    school = {Instituto Militar de Engenharia},
    address = {Rio de Janeiro},
    url = {http://www.comp.ime.eb.br/images/repositorio-dissertacoes/2013-Gabriela\_Dias.pdf},
    note = {31 nov. de 2015},
    year = {2013}
}

% -----
% TRABALHO DE CONCLUSÃO DE CURSO DE GRADUAÇÃO
%
%  itens: autor; título; número de páginas (OPCIONAL); nome do curso de graduação;
%         universidade do curso de graduação; local da universidade do curso de graduação;
%         url (se acesso ao documento for eletrônico, OPCIONAL); data de acesso (OPCIONAL); ano
% -----
@ugdthesis{Araujo2015,
    author = {Arthur Fernandes Araujo and Maiara Barroso Cardoso Reinaldo},
    title = {Instalação e configuração de serviços Web para disponibilização de dados espaciais em operações militares},
    pages = {73},
    series = {Graduação em Engeharia de Computação Computação},
    school = {Instituto Militar de Engenharia},
    address = {Rio de Janeiro},
    year = {2015}
}

% -----
% RELATÓRIO TÉCNICO
%
%  itens: autor; título;
%         local da universidade/editora do relatório técnico (na falta, será apresentado [S.l.]);
%         universidade/editora do relatório técnico (na falta, será apresentado [s.n.]);
%         número de páginas (OPCIONAL); número do relatório técnico (OPCIONAL);  ano
%
%         se acesso ao relatório técnico for eletrônico, NÃO USE techreport. USE siteurl (VER ABAIXO).
% -----
@techreport{Gubitoso1992,
    author = {Mario Dorneles Gubitoso and Carlos Zara},
    title = {Máquina worm: simulador de máquinas paralelas},
    address = {São Paulo},
    publisher = {IME-USP},
    pages = {29},
    number = {Rt-Mac-8908},
    year = {1992}
}

% -----
% PÁGINA/DOCUMENTO NA WEB
%
%  itens: autor (da página da Web-ou do detentor dos direitos da página, caso não haja autor- ou do documento);
%         título (da página da Web-campo <title>- ou do documento, caso não haja campo <title>;
%         url; data de acesso; ano
% -----

